@inproceedings{Michie68,
 author = {D. Michie and R. A. Chambers},
 title = {Boxes: an experiment in adaptive control},
 booktitle = {Machine Intelligence},
 year = {1968},
 masid = {1248453}
}

@inbook{Barto90,
 author = {Barto, Andrew G. and Sutton, Richard S. and Anderson, Charles W.},
 title = {Neuronlike adaptive elements that can solve difficult learning control problems},
 book = {Artificial neural networks},
 year = {1990},
 isbn = {0-8186-2015-3},
 pages = {81--93},
 numpages = {13},
 url = {http://portal.acm.org/citation.cfm?id=104134.104143},
 acmid = {104143},
 publisher = {IEEE Press},
 address = {Piscataway, NJ, USA},
}

@online{buttazzos_slides,
author = {Giorgio Buttazzo},
title = {Introduction to Neural Networks},
year = {2008},
url = {http://retis.sssup.it/~giorgio/slides/neural-nets/nn.html}
}
